@inproceedings{unger2015sok,
  title={SoK: Secure Messaging},
  author={Unger, Nik and Dechand, Sergej and Bonneau, Joseph and Fahl, Sascha and Perl, Henning and Goldberg, Ian and Smith, Matthew},
  booktitle={2015 IEEE Symposium on Security and Privacy (SP)},
  pages={232--249},
  year={2015},
  organization={IEEE}
}

@article{reardon2007kleeq,
  title={KleeQ: Asynchronous key management for dynamic ad-hoc networks},
  author={Reardon, Joel and Kligman, Alan and Agala, Brian and Goldberg, Ian},
  journal={University of Waterloo, Tech. Rep},
  year={2007},
  publisher={Citeseer}
}

@inproceedings{anderson2001information,
  title={Why information security is hard -- an economic perspective},
  author={Anderson, Ross},
  booktitle={Computer security applications conference, 2001. ACSAC 2001. proceedings 17th annual},
  pages={358--365},
  year={2001},
  organization={IEEE}
}

@article{akerlof1970lemons,
  title={The Market for Lemons: Qualitative Uncertainty and the Market Mechanism},
  author={Akerlof, George},
  journal={Quarterly Journal of Economics},
  volume={84},
  year={1970}
}


@article{diffie1976new,
  title={New directions in cryptography},
  author={Diffie, Whitfield and Hellman, Martin E},
  journal={Information Theory, IEEE Transactions on},
  volume={22},
  number={6},
  pages={644--654},
  year={1976},
  publisher={IEEE}
}

@article{margraf2016kryptographische,
  title={Kryptographische Verfahren: Empfehlungen und Schl{\"u}ssellangen},
  journal={Technische Richtlinie TR-02102-1, Bundesamt fur Sicherheit in der Informationstechnik},
  year={2016}
}

@incollection{dobraunig2014analysis,
  title={Analysis of SHA-512/224 and SHA-512/256},
  author={Dobraunig, Christoph and Eichlseder, Maria and Mendel, Florian},
  booktitle={Advances in Cryptology--ASIACRYPT 2015},
  pages={612--630},
  year={2014},
  publisher={Springer}
}

@article{kivinen2003more,
  title={More modular exponential (mod p) Diffie-Hellman groups for internet key exchange ({IKE})},
  author={Kivinen, Tero},
  year={2003}
}

@article{little1961proof,
  title={A proof for the queuing formula: L= $\lambda$ W},
  author={Little, John DC},
  journal={Operations research},
  volume={9},
  number={3},
  pages={383--387},
  year={1961},
  publisher={INFORMS}
}

@article{card1980keystroke,
  title={The keystroke-level model for user performance time with interactive systems},
  author={Card, Stuart K and Moran, Thomas P and Newell, Allen},
  journal={Communications of the ACM},
  volume={23},
  number={7},
  pages={396--410},
  year={1980},
  publisher={ACM}
}

@incollection{sauro2009estimating,
  title={Estimating Productivity: Composite Operators for Keystroke Level Modeling},
  author={Sauro, Jeff},
  booktitle={Human-Computer Interaction. New Trends},
  pages={352--361},
  year={2009},
  publisher={Springer}
}

@article{melara2014coniks,
  title={CONIKS: A Privacy-Preserving Consistent Key Service for Secure End-to-End Communication.},
  author={Melara, Marcela S and Blankstein, Aaron and Bonneau, Joseph and Freedman, Michael J and Felten, Edward W},
  journal={IACR Cryptology ePrint Archive},
  volume={2014},
  pages={1004},
  year={2014}
}